<record xmlns="http://www.loc.gov/MARC21/slim" xmlns:xsi="http://www.w3.org/2001/XMLSchema-instance" xsi:schemaLocation="http://www.loc.gov/MARC21/slim http://www.loc.gov/standards/marcxml/schema/MARC21slim.xsd">

  <leader>00730nam a2200181Ia 4500</leader>
  <controlfield tag="008">150729b2004    c  ||||| |||| 00| | spa d</controlfield>
  <datafield ind2=" " tag="022" ind1=" ">
    <subfield code="a">1409-3006</subfield>
  </datafield>
  <datafield tag="090" ind2=" " ind1=" ">
    <subfield code="a">06.03.06 </subfield>
    <subfield code="b">169</subfield>
  </datafield>
  <datafield tag="110" ind2=" " ind1="2">
    <subfield code="9">44</subfield>
    <subfield code="a">Consejo Nacional de Rectores. Oficina de Planificación de la Educación Superior</subfield>
  </datafield>
  <datafield ind1="1" ind2="0" tag="245">
    <subfield code="a">Estadísticas básicas sobre la investigación en las instituciones de Educación Superior Universitaria Estatal de Costa Rica / </subfield>
    <subfield code="c">Consejo Nacional de Rectores. Oficina de Planificación de la Educación Superior</subfield>
  </datafield>
  <datafield ind1=" " tag="260" ind2=" ">
    <subfield code="a">Costa Rica : </subfield>
    <subfield code="b">CONARE, </subfield>
    <subfield code="c">2004</subfield>
  </datafield>
  <datafield tag="300" ind2=" " ind1=" ">
    <subfield code="a">195 páginas</subfield>
  </datafield>
  <datafield ind1="1" tag="650" ind2="4">
    <subfield code="9">8</subfield>
    <subfield code="a">EDUCACIÓN SUPERIOR</subfield>
  </datafield>
  <datafield ind1="1" tag="650" ind2="4">
    <subfield code="a">ESTADÍSTICA </subfield>
    <subfield code="9">549</subfield>
  </datafield>
  <datafield tag="650" ind2="4" ind1="1">
    <subfield code="a">INVESTIGACIÓN</subfield>
    <subfield code="9">163</subfield>
  </datafield>
  <datafield ind1=" " tag="651" ind2="4">
    <subfield code="a">COSTA RICA</subfield>
    <subfield code="9">47</subfield>
  </datafield>
  <datafield ind1=" " tag="942" ind2=" ">
    <subfield code="2">z</subfield>
    <subfield code="c">01</subfield>
  </datafield>
  <datafield ind2=" " tag="999" ind1=" ">
    <subfield code="c">122</subfield>
    <subfield code="d">122</subfield>
  </datafield>
</record>